 @misc{desarrolloweb1,
    author = "Yeeply",
    title = "El desarrollo web, en alza como nunca antes.",
    year = "2016",
    url = {https://www.yeeply.com/blog/desarrollo-web-en-alza/},

}


 @misc{wikisingleton,
    author = "Wikipedia",
    title = "Singleton  pattern --- {Wikipedia}{,} {The Free Encyclopedia}",
    year = "2016",
    url = {https://en.wikipedia.org/wiki/Singleton_pattern},
}

 @misc{articulo1,
    author = "Slant.co",
    title = "Javascript IDEs or editors",
    year = "2015",
    url = {https://www.slant.co/topics/1686/viewpoints/5/~javascript-ides-or-editors~webstorm},
}

 @book{accesodatos,
    title = {Acceso Datos},
	isbn = {978-8416228607},    
    abstract = {},
    language = {Castellano},
    publisher = {Garceta Grupo Editorial},
    author = {Ramos Martin, Alicia and Ramos Martin, Maria Jesus},
    year = {2016},
    pages = {330-350},
    note = "[Biblioteca Politécnica Río Vena]"
}

 


